@book{knuth1997art,
	title={The Art of Computer Programming: Fundamental Algorithms, volume 1},
	author={Knuth, Donald E},
	year={1997},
	publisher={Addison-Wesley Professional}
}